@book{staab,
  AUTHOR = "George H. Staab",
  TITLE =  "Laminar Composites",
  YEAR =   "1999",
  PUBLISHER = "Butterworth-Heinemann",
  ISBN =    "0-7506-7124-6",
  ADDRESS = "225 Wildwood Avenue, Woburn, MA 01801"
}

@techreport{nasa,
  AUTHOR = "Alan T. Nettles",
  TITLE = "Basic Mechanics of Laminated Composite Plates",
  institution = "NASA",
  NUMBER = "NASA-RP-1351",
  ADDRESS = "NASA Marshall Space Flight Center, Huntsville, AL USA",
  MONTH = "October",
  YEAR = "1994",
  URL = "https://ntrs.nasa.gov/search.jsp?R=19950009349"
}

@book{jones,
  AUTHOR = "Robert M. Jones",
  TITLE = "Mechanics of Composite Materials",
  YEAR = "1999",
  PUBLISHER = "Taylor & Francis, Inc.",
  ISBN = "1-56032-712-X",
  ADDRESS = "325 Chestnut Street, Philadelphia, PA, 19106"
}
